@Book{bernstein97,
author = {Herbert Bernstein},
title = {Analoge Schaltungstechnik mit diskreten und integrierten Bauelementen},
year = {1997},
publisher = {Heidelberg: Hüthig},
}
@Book{zacher22,
author = {Serge Zacher and Manfred Reuter},
title = {Regelungstechnik für Ingenieure},
publisher = {Wiesbaden: Springer Vieweg},
year = {2022},
}
@Book{reinhold10,
author = {Wolfgang Reinhold},
title = {Elektonische Schaltungstechnik},
publisher = {München: Hanser Vieweg},
year = {2010},
}
@Manual{onsemi:MC34063A,
author  = {{ON Semiconductor}},
title   = {MC34063A, MC33063A, SC34063A, SC33063A, NCV33063A},
number  = {MC34063A},
year    = {2021},
month   = {8},    
note    = {Rev. 25}
}


